@article{LIGO,
  author = {{Abbott B. et al.}},
  collaboration = {LIGO Scientific Collaboration},
  title = {{LIGO: The Laser Interferometer Gravitational-Wave Observatory}},
  journal = {Reports on Progress in Physics},
  volume = {72},
  pages = {076901},
  year = {2009}
}

@article{VIRGO,
  author = {{Acernese F. et al.}},
  collaboration = {Virgo Collaboration},
  title = {{Status of Virgo}},
  journal = {Classical and Quantum Gravity},
  volume = {25},
  pages = {114045},
  doi = {http://iopscience.iop.org/0264-9381/25/11/114045},
  year = {2008}
}

@article{GEO600,
  author = {{Grote H. for the LIGO Scientific Collaboration}},
  title = {{The GEO 600 status}},
  journal = {Class. Quantum Grav.},
  volume = {27},
  pages = {084003},
  year = {2010}
}


@article{S6DetectorChar,
  author = {{Christensen N. for the LIGO Scientific Collaboration and the Virgo Collaboration}},
  title = {{LIGO S6 Detector Characterization Studies}},  
  journal = {Class. Quantum Grav.},
  volume = {27},
  number = {19},
  pages = {194010},  
  year = {2010}
}

@article{lrr-2009-2,
  title    = {Physics, Astrophysics and Cosmology with Gravitational Waves},
  author   = {{Sathyaprakash B S and Schutz B}},
  journal  = {Living Reviews in Relativity},
  year     = {2009},
  number   = {2},
  volume   = {12},
  keywords = {Data analysis, Gravitational wave sources, Gravitational wave detectors, Gravitational waves},
  url      = {http://www.livingreviews.org/lrr-2009-2}
}
  	
@article{QuakeML,
  author={{Danijel Schorlemmer, Adrian Wyss, Silvio Maraini, Stefan Wiemer, and Manfred Baer}},
  title={ QuakeML - An XML schema for seismology},
  journal={ORFEUS Newsletter},
  volume={6},
  number={2},
  year={2004}
}

@article{IaspeiTau,
  author={{Snoke J.A.}},
  title={Traveltime Tables for iasp91 and ak135},
  journal={Seismological Research Letters},
  volume={80},
  number={2},
  pages={260-262},
  year={2009}
}

@article{ObsPy,
  author={{Moritz Beyreuther, Robert Barsch, Lion Krischer, Tobias Megies, Yannik Behr and Joachim Wassermann}},
  title={ObsPy: A Python Toolbox for Seismology},
  journal={Seismological Research Letters},
  volume={81},
  number={3},
  pages={530-533},
  year={2010}
}

@article{mlpy,
  author={{D. Albanese, R. Visintainer, S. Merler, S. Riccadonna, G. Jurman, C. Furlanello}},
  title={mlpy: Machine Learning Python},
  journal={arXiv:1202.6548},
  year={2012}
}

